<record><leader>00000cas a22000007a 4500</leader><controlfield tag="001">17970354</controlfield><controlfield tag="008">880518d198u2001msuwr ne      0   a0eng d</controlfield><datafield ind1=" " ind2=" " tag="010"><subfield code="a">sn 88001483 </subfield></datafield><datafield ind1=" " ind2=" " tag="040"><subfield code="a">NSD</subfield><subfield code="b">eng</subfield><subfield code="c">NSD</subfield><subfield code="d">OCLCQ</subfield></datafield><datafield ind1=" " ind2=" " tag="012"><subfield code="j">0</subfield><subfield code="m">d</subfield></datafield><datafield ind1="1" ind2=" " tag="022"><subfield code="a">0899-0077</subfield><subfield code="l">0899-0077</subfield><subfield code="2">1</subfield></datafield><datafield ind1=" " ind2=" " tag="037"><subfield code="b">Biloxi-D'Iberville Press, P.O. Box 194, Biloxi, MS 39533</subfield></datafield><datafield ind1=" " ind2=" " tag="042"><subfield code="a">nsdp</subfield></datafield><datafield ind1=" " ind2="4" tag="222"><subfield code="a">The Biloxi-D'Iberville press</subfield></datafield><datafield ind1="0" ind2="4" tag="245"><subfield code="a">The Biloxi-D'Iberville press.</subfield></datafield><datafield ind1=" " ind2=" " tag="260"><subfield code="a">Biloxi, MS :</subfield><subfield code="b">S &amp; F Pub. Co.</subfield></datafield><datafield ind1=" " ind2=" " tag="300"><subfield code="a">v.</subfield></datafield><datafield ind1=" " ind2=" " tag="310"><subfield code="a">Weekly</subfield></datafield><datafield ind1=" " ind2=" " tag="588"><subfield code="a">Description based on: Vol. 15, no. 44 (Wednesday, Apr. 6, 1988).</subfield></datafield><datafield ind1=" " ind2=" " tag="588"><subfield code="a">Latest issue consulted: Vol. 15, no. 47 (Wednesday, Apr. 27, 1988).</subfield></datafield><datafield ind1=" " ind2=" " tag="752"><subfield code="a">United States</subfield><subfield code="b">Mississippi</subfield><subfield code="c">Harrison</subfield><subfield code="d">Biloxi.</subfield></datafield><datafield ind1="0" ind2="0" tag="780"><subfield code="t">Biloxi-North Biloxi press</subfield><subfield code="w">(DLC)sn 86074040</subfield></datafield><datafield ind1="0" ind2="0" tag="785"><subfield code="t">Bay press</subfield><subfield code="x">1537-0232</subfield><subfield code="w">(DLC)  2001215219</subfield></datafield><datafield ind1="1" ind2=" " tag="029"><subfield code="a">AU@</subfield><subfield code="b">000020499131</subfield></datafield></record>